@Book{Wohlin2012,
  author={Wohlin, C and Runeson, P and Host, M and Ohlsson, MC and Regnell, B and Wesslen, A},
  title = {Experimentation in Software Engineering: An introduction},
  year = {2012},
  publisher = {Kluwer Academic Publishers},
  address = {Boston, USA}
}
